% This file was created with JabRef 2.10.
% Encoding: Cp1252


@Article{Askvall1985,
  Title                    = {Computer supported reading vs. reading text on paper: A comparison of two reading situations},
  Author                   = {S. Askvall},
  Journal                  = {International Journal on Man-Machine Studies},
  Year                     = {1985},
  Number                   = {22},
  Pages                    = {425-439},
  Volume                   = {4}
}

@Book{Card1983,
  Title                    = {The psychology of human-computer interaction},
  Author                   = {S. K. Card and T. P. Moran and A. Newell},
  Publisher                = {Erlbaum},
  Year                     = {1983}
}

@Misc{NTNU:Website,
  Title                    = {NTNU Website},
  Author                   = {NTNU},
  howpublished             = {\url{http://www.ntnu.no}},
  Year                     = {2017},
  note										 = {Accessed: 2017-01-20}
}

@InProceedings{Lancaster1985,
  Title                    = {Electronic publication and its impact on the presentation of information},
  Author                   = {F. W. Lancaster and A. Warner},
  Booktitle                = {The technology of text: Principles for structuring, designing, and displaying text},
  Year                     = {1985},
  Editor                   = {D. H. Jonassen},
  Pages                    = {292-309},
  Publisher                = {Educational Technology Publications}
}

@Misc{Meldon1997,
  Title                    = {Reading from the web},
  Author                   = {W. Meldon},
  howpublished						 = {\url{http://www.mit.edu/compsci/humanfactors/report9734.html}},
  note				              = {Accessed: 2010-11-01},
  Year                     = {1997}
}

%this is experimental and only works with our own bst
@Game{Halo,
  Title                    = {Halo},
	Year			= {2003},
	publisher =	{Microsoft},
	developer = {Bungie Studios},
  Url                      = {https://www.halowaypoint.com/en-us/games},
  LastChecked              = {22.01.2017}
}

@comment{jabref-entrytype: Webpage: req[url;year] opt[LastChecked]}
@comment{jabref-entrytype: Game: req[title;publisher;year] opt[Url;developer;level;LastChecked]}



%---------------------------------- THESIS BIBLIOGRAPHY REFERENCS START HERE ----------------------------------------------------------%
@inproceedings{1,
  title={Learning to link entities with knowledge base},
  author={Zheng, Zhicheng and Li, Fangtao and Huang, Minlie and Zhu, Xiaoyan},
  booktitle={Human Language Technologies: The 2010 Annual Conference of the North American Chapter of the Association for Computational Linguistics},
  pages={483--491},
  year={2010},
  organization={Association for Computational Linguistics}
}

@inproceedings{2,
  title={Manual Annotation of Semi-Structured Documents for Entity-Linking},
  author={Trani, Salvatore and Ceccarelli, Diego and Lucchese, Claudio and Orlando, Salvatore and Perego, Raffaele},
  booktitle={Proceedings of the 23rd ACM International Conference on Conference on Information and Knowledge Management},
  pages={2075--2077},
  year={2014},
  organization={ACM}
}

@inproceedings{3,
  title={Dexter: an open source framework for entity linking},
  author={Ceccarelli, Diego and Lucchese, Claudio and Orlando, Salvatore and Perego, Raffaele and Trani, Salvatore},
  booktitle={Proceedings of the sixth international workshop on Exploiting semantic annotations in information retrieval},
  pages={17--20},
  year={2013},
  organization={ACM}
}

@incollection{5,
  title={Exploiting Semantic Annotation of Content with Linked Open Data (LoD) to Improve Searching Performance in Web Repositories of Multi-disciplinary Research Data},
  author={Khan, Arshad and Tiropanis, Thanassis and Martin, David},
  booktitle={Information Retrieval},
  pages={130--145},
  year={2016},
  publisher={Springer}
}

@article{vonahn,
  title={Designing games with a purpose},
  author={Von Ahn, Luis and Dabbish, Laura},
  journal={Communications of the ACM},
  volume={51},
  number={8},
  pages={58--67},
  year={2008},
  publisher={ACM}
}

@inproceedings{6,
  title={Learning relatedness measures for entity linking},
  author={Ceccarelli, Diego and Lucchese, Claudio and Orlando, Salvatore and Perego, Raffaele and Trani, Salvatore},
  booktitle={Proceedings of the 22nd ACM international conference on Information \& Knowledge Management},
  pages={139--148},
  year={2013},
  organization={ACM}
}

@inproceedings{7,
  title={Sel: A unified algorithm for entity linking and saliency detection},
  author={Trani, Salvatore and Ceccarelli, Diego and Lucchese, Claudio and Orlando, Salvatore and Perego, Raffaele},
  booktitle={Proceedings of the 2016 ACM Symposium on Document Engineering},
  pages={85--94},
  year={2016},
  organization={ACM}
}

@inproceedings{8,
  title={Wikify!: linking documents to encyclopedic knowledge},
  author={Mihalcea, Rada and Csomai, Andras},
  booktitle={Proceedings of the sixteenth ACM conference on Conference on information and knowledge management},
  pages={233--242},
  year={2007},
  organization={ACM}
}

@inproceedings{9,
  title={Learning to link with wikipedia},
  author={Milne, David and Witten, Ian H},
  booktitle={Proceedings of the 17th ACM conference on Information and knowledge management},
  pages={509--518},
  year={2008},
  organization={ACM}
}

@inproceedings{10,
  title={From TagME to WAT: a new entity annotator},
  author={Piccinno, Francesco and Ferragina, Paolo},
  booktitle={Proceedings of the first international workshop on Entity recognition \& disambiguation},
  pages={55--62},
  year={2014},
  organization={ACM}
}

@inproceedings{11,
  title={Identifying salient entities in web pages},
  author={Gamon, Michael and Yano, Tae and Song, Xinying and Apacible, Johnson and Pantel, Patrick},
  booktitle={Proceedings of the 22nd ACM international conference on Information \& Knowledge Management},
  pages={2375--2380},
  year={2013},
  organization={ACM}
}

@article{12,
  title={Entity linking with a knowledge base: Issues, techniques, and solutions},
  author={Shen, Wei and Wang, Jianyong and Han, Jiawei},
  journal={IEEE Transactions on Knowledge and Data Engineering},
  volume={27},
  number={2},
  pages={443--460},
  year={2015},
  publisher={IEEE}
}

@article{13,
  title={A survey of named entity recognition and classification},
  author={Nadeau, David and Sekine, Satoshi},
  journal={Lingvisticae Investigationes},
  volume={30},
  number={1},
  pages={3--26},
  year={2007},
  publisher={John Benjamins publishing company}
}

@inproceedings{standfordNER,
  title={Incorporating non-local information into information extraction systems by gibbs sampling},
  author={Finkel, Jenny Rose and Grenager, Trond and Manning, Christopher},
  booktitle={Proceedings of the 43rd annual meeting on association for computational linguistics},
  pages={363--370},
  year={2005},
  organization={Association for Computational Linguistics}
}

@article{alchemyapi,
  title={Using alchemyapi for enterprise-grade text analysis},
  author={Turian, Joseph},
  journal={AlchemyAPI: Denver, CO, USA},
  year={2013}
}

@inproceedings{14,
  title={Design challenges and misconceptions in named entity recognition},
  author={Ratinov, Lev and Roth, Dan},
  booktitle={Proceedings of the Thirteenth Conference on Computational Natural Language Learning},
  pages={147--155},
  year={2009},
  organization={Association for Computational Linguistics}
}

@article{15,
  title={Semantic enrichment by non-experts: usability of manual annotation tools},
  author={Hinze, Annika and Heese, Ralf and Luczak-R{\"o}sch, Markus and Paschke, Adrian},
  journal={The Semantic Web--ISWC 2012},
  pages={165--181},
  year={2012},
  publisher={Springer}
}

@inproceedings{16,
  title={One Click Annotation.},
  author={Heese, Ralf and Luczak-R{\"o}sch, Markus and Paschke, Adrian and Oldakowski, Radoslaw and Streibel, Olga},
  booktitle={SFSW},
  year={2010}
}

@inproceedings{17,
  title={Entity-linking interfaces in user-contributed content: preference and performance},
  author={Dong, Xiao and Harper, F Maxwell and Konstan, Joseph A},
  booktitle={Proceedings of the SIGCHI Conference on Human Factors in Computing Systems},
  pages={2187--2196},
  year={2011},
  organization={ACM}
}

@inproceedings{18,
  title={Linking entities in unstructured texts with RDF knowledge bases},
  author={Du, Fang and Chen, Yueguo and Du, Xiaoyong},
  booktitle={Asia-Pacific Web Conference},
  pages={240--251},
  year={2013},
  organization={Springer}
}

@inproceedings{19,
  title={EDL: A Framework for Entity Disambiguation and Linking to Knowledgebases},
  author={Kahjogh, Behnam Ojaghi and Karimov, Jeyhun and Dogdu, Erdogan},
  booktitle={Semantic Computing (ICSC), 2016 IEEE Tenth International Conference on},
  pages={168--169},
  year={2016},
  organization={IEEE}
}

@inproceedings{20,
  title={Linden: linking named entities with knowledge base via semantic knowledge},
  author={Shen, Wei and Wang, Jianyong and Luo, Ping and Wang, Min},
  booktitle={Proceedings of the 21st international conference on World Wide Web},
  pages={449--458},
  year={2012},
  organization={ACM}
}

@inproceedings{21,
  title={Robust disambiguation of named entities in text},
  author={Hoffart, Johannes and Yosef, Mohamed Amir and Bordino, Ilaria and F{\"u}rstenau, Hagen and Pinkal, Manfred and Spaniol, Marc and Taneva, Bilyana and Thater, Stefan and Weikum, Gerhard},
  booktitle={Proceedings of the Conference on Empirical Methods in Natural Language Processing},
  pages={782--792},
  year={2011},
  organization={Association for Computational Linguistics}
}

@article{22,
  title={Context representation and usage for the semantic web},
  author={Bontas, Elena Paslaru},
  year={2004}
}

@article{23,
  title={Linked open data: The essentials},
  author={Bauer, Florian and Kaltenb{\"o}ck, Martin},
  journal={Edition mono/monochrom, Vienna},
  year={2011}
}

@article{24,
  title={Large-scale named entity disambiguation based on Wikipedia data},
  author={Cucerzan, Silviu},
  year={2007}
}

@inproceedings{25,
  title={Context Features and their use in Information Retrieval},
  author={Lopes, Carla Teixeira},
  booktitle={Third BCS-IRSG symposium on future directions in information access},
  year={2009}
}

@inproceedings{26,
  title={Identifying similar words and contexts in natural language with senseclusters},
  author={Pedersen, Ted and Kulkarni, Anagha},
  booktitle={Proceedings of the National Conference on Artificial Intelligence},
  volume={20},
  number={4},
  pages={1694},
  year={2005},
  organization={Menlo Park, CA; Cambridge, MA; London; AAAI Press; MIT Press; 1999}
}

@inproceedings{27,
  title={Improving Word Sense Disambiguation Using Topic Features.},
  author={Cai, Junfu and Lee, Wee Sun and Teh, Yee Whye},
  booktitle={EMNLP-CoNLL},
  pages={1015--1023},
  year={2007}
}

@inproceedings{28,
  title={An empirical evaluation of knowledge sources and learning algorithms for word sense disambiguation},
  author={Lee, Yoong Keok and Ng, Hwee Tou},
  booktitle={Proceedings of the ACL-02 conference on Empirical methods in natural language processing-Volume 10},
  pages={41--48},
  year={2002},
  organization={Association for Computational Linguistics}
}

@inproceedings{29,
  title={Generating Context Templates for Word Sense Disambiguation.},
  author={Chan, Samuel WK},
  booktitle={Australasian Conference on Artificial Intelligence},
  pages={466--477},
  year={2013},
  organization={Springer}
}

@inproceedings{semantic_search,
  title={Semantic search},
  author={Guha, Ramanathan and McCool, Rob and Miller, Eric},
  booktitle={Proceedings of the 12th international conference on World Wide Web},
  pages={700--709},
  year={2003},
  organization={ACM}
}

@article{30,
  title={Word sense disambiguation: A survey},
  author={Navigli, Roberto},
  journal={ACM Computing Surveys (CSUR)},
  volume={41},
  number={2},
  pages={10},
  year={2009},
  publisher={ACM}
}

@inproceedings{31,
  title={Linking Named Entities in Dutch Historical Newspapers},
  author={van Veen, Theo and Lonij, Juliette and Faber, Willem Jan},
  booktitle={Metadata and Semantics Research: 10th International Conference, MTSR 2016, G{\"o}ttingen, Germany, November 22-25, 2016, Proceedings},
  pages={205--210},
  year={2016},
  organization={Springer}
}

@inproceedings{sanderson1994,
  title={Word sense disambiguation and information retrieval},
  author={Sanderson, Mark},
  booktitle={Proceedings of the 17th annual international ACM SIGIR conference on Research and development in information retrieval},
  pages={142--151},
  year={1994},
  organization={Springer-Verlag New York, Inc.}
}

@inproceedings{32,
  title={Cheap and fast---but is it good?: evaluating non-expert annotations for natural language tasks},
  author={Snow, Rion and O'Connor, Brendan and Jurafsky, Daniel and Ng, Andrew Y},
  booktitle={Proceedings of the conference on empirical methods in natural language processing},
  pages={254--263},
  year={2008},
  organization={Association for Computational Linguistics}
}

@article{33,
  title={Crowdsourcing named entity recognition and entity linking corpora},
  author={Bontcheva, Kalina and Derczynski, Leon and Roberts, Ian},
  journal={The Handbook of Linguistic Annotation (to appear)},
  year={2014}
}

@article{34,
  title={Ordering Matters: An Experimental Study of Ranking Influence on Results Selection Behavior during Exploratory Search},
  author={Duarte, Emanuel Felipe and Nanni, Lucas Pupulin and Geraldi, Ricardo Theis and OliveiraJr, Edson and Feltrim, Val{\'e}ria Delisandra and Pereira, Roberto},
  year={2016}
}

@inproceedings{datasets-ex1,
  title={Statistical analyses of named entity disambiguation benchmarks},
  author={Steinmetz, Nadine and Knuth, Magnus and Sack, Harald},
  booktitle={Proceedings of the 2013th International Conference on NLP \& DBpedia-Volume 1064},
  pages={91--102},
  year={2013},
  organization={CEUR-WS. org}
}

@inproceedings{35,
  title={Simple features for statistical word sense disambiguation},
  author={Lamjiri, Abolfazl K and El Demerdash, Osama and Kosseim, Leila},
  booktitle={Proceedings of Senseval-3: 3rd International Workshop on the Evaluation of Systems for the Semantic Analysis of Text},
  pages={133--136},
  year={2004}
}

@inproceedings{36,
  title={Instance based learning with automatic feature selection applied to word sense disambiguation},
  author={Mihalcea, Rada},
  booktitle={Proceedings of the 19th international conference on Computational linguistics-Volume 1},
  pages={1--7},
  year={2002},
  organization={Association for Computational Linguistics}
}

@inproceedings{37,
  title={A decision tree of bigrams is an accurate predictor of word sense},
  author={Pedersen, Ted},
  booktitle={Proceedings of the second meeting of the North American Chapter of the Association for Computational Linguistics on Language technologies},
  pages={1--8},
  year={2001},
  organization={Association for Computational Linguistics}
}

@article{38,
  title={Exploring linguistic features for named entity disambiguation},
  author={Zhou, Shuangshuang and Kruengkrai, Canasai and Okazaki, Naoaki and Inui, Kentaro},
  journal={International Journal of Computational Linguistics and Applications},
  volume={5},
  number={2},
  pages={49},
  year={2014}
}

@inproceedings{39,
  title={Collective disambiguation and semantic annotation for entity linking and typing},
  author={Chabchoub, Mohamed and Gagnon, Michel and Zouaq, Amal},
  booktitle={Semantic Web Evaluation Challenge},
  pages={33--47},
  year={2016},
  organization={Springer}
}

@inproceedings{40,
  title={GERBIL: general entity annotator benchmarking framework},
  author={Usbeck, Ricardo and R{\"o}der, Michael and Ngonga Ngomo, Axel-Cyrille and Baron, Ciro and Both, Andreas and Br{\"u}mmer, Martin and Ceccarelli, Diego and Cornolti, Marco and Cherix, Didier and Eickmann, Bernd and others},
  booktitle={Proceedings of the 24th International Conference on World Wide Web},
  pages={1133--1143},
  year={2015},
  organization={ACM}
}

@article{41,
  title={It's all fun and games until someone annotates: Video games with a purpose for linguistic annotation},
  author={Jurgens, David and Navigli, Roberto},
  journal={Transactions of the Association for Computational Linguistics},
  volume={2},
  pages={449--464},
  year={2014}
}

@inproceedings{42,
  title={Gamification for word sense labeling},
  author={Venhuizen, Noortje and Evang, Kilian and Basile, Valerio and Bos, Johan},
  booktitle={Proceedings of the 10th International Conference on Computational Semantics (IWCS 2013)},
  year={2013}
}

@incollection{43,
  title={Using games to create language resources: Successes and limitations of the approach},
  author={Chamberlain, Jon and Fort, Kar{\"e}n and Kruschwitz, Udo and Lafourcade, Mathieu and Poesio, Massimo},
  booktitle={The People’s Web Meets NLP},
  pages={3--44},
  year={2013},
  publisher={Springer}
}

@article{44,
  title={Phrase detectives: Utilizing collective intelligence for internet-scale language resource creation},
  author={Poesio, Massimo and Chamberlain, Jon and Kruschwitz, Udo and Robaldo, Livio and Ducceschi, Luca},
  journal={ACM Transactions on Interactive Intelligent Systems (TiiS)},
  volume={3},
  number={1},
  pages={3},
  year={2013},
  publisher={ACM}
}

@article{std_and_games,
  title={The motivational pull of video games: A self-determination theory approach},
  author={Ryan, Richard M and Rigby, C Scott and Przybylski, Andrew},
  journal={Motivation and emotion},
  volume={30},
  number={4},
  pages={344--360},
  year={2006},
  publisher={Springer}
}

@article{45,
  title={How gamification motivates: An experimental study of the effects of specific game design elements on psychological need satisfaction},
  author={Sailer, Michael and Hense, Jan Ulrich and Mayr, Sarah Katharina and Mandl, Heinz},
  journal={Computers in Human Behavior},
  volume={69},
  pages={371--380},
  year={2017},
  publisher={Elsevier}
}

@article{46,
  title={Towards understanding the effects of individual gamification elements on intrinsic motivation and performance},
  author={Mekler, Elisa D and Br{\"u}hlmann, Florian and Tuch, Alexandre N and Opwis, Klaus},
  journal={Computers in Human Behavior},
  year={2015},
  publisher={Elsevier}
}

@article{47,
  title={Gamification in theory and action: A survey},
  author={Seaborn, Katie and Fels, Deborah I},
  journal={International Journal of Human-Computer Studies},
  volume={74},
  pages={14--31},
  year={2015},
  publisher={Elsevier}
}

@book{48,
  title={Gamification by design: Implementing game mechanics in web and mobile apps},
  author={Zichermann, Gabe and Cunningham, Christopher},
  year={2011},
  publisher={" O'Reilly Media, Inc."}
}

@article{49,
  title={Level up! The role of progress feedback type for encouraging intrinsic motivation and positive brand attitudes in public versus private gaming contexts},
  author={Siemens, Jennifer Christie and Smith, Scott and Fisher, Dan and Thyroff, Anastasia and Killian, Ginger},
  journal={Journal of Interactive Marketing},
  volume={32},
  pages={1--12},
  year={2015},
  publisher={Elsevier}
}

@inproceedings{50,
  title={PackPlay: Mining semantic data in collaborative games},
  author={Green, Nathan and Breimyer, Paul and Kumar, Vinay and Samatova, Nagiza F},
  booktitle={Proceedings of the Fourth Linguistic Annotation Workshop},
  pages={227--234},
  year={2010},
  organization={Association for Computational Linguistics}
}

@book{51,
  title={The Art of Game Design: A book of lenses},
  author={Schell, Jesse},
  year={2014},
  publisher={CRC Press}
}

@article{52,
  title={Automatic extraction of collocations: a new Web-based method},
  author={Colson, Jean-Pierre},
  journal={S. Bolasco, S., Chiari, I. \& L. Giuliano, Proceedings of JADT},
  pages={397--408},
  year={2010}
}

@inproceedings{53,
  title={The challenge of designing scientific discovery games},
  author={Cooper, Seth and Treuille, Adrien and Barbero, Janos and Leaver-Fay, Andrew and Tuite, Kathleen and Khatib, Firas and Snyder, Alex Cho and Beenen, Michael and Salesin, David and Baker, David and others},
  booktitle={Proceedings of the Fifth international Conference on the Foundations of Digital Games},
  pages={40--47},
  year={2010},
  organization={ACM}
}

@inproceedings{54,
  title={Validating and Extending Semantic Knowledge Bases using Video Games with a Purpose.},
  author={Vannella, Daniele and Jurgens, David and Scarfini, Daniele and Toscani, Domenico and Navigli, Roberto},
  booktitle={ACL (1)},
  pages={1294--1304},
  year={2014}
}

@inproceedings{dbpedia,
  title={DBpedia spotlight: shedding light on the web of documents},
  author={Mendes, Pablo N and Jakob, Max and Garc{\'\i}a-Silva, Andr{\'e}s and Bizer, Christian},
  booktitle={Proceedings of the 7th international conference on semantic systems},
  pages={1--8},
  year={2011},
  organization={ACM}
}

@article{lod_sofar,
  title={Linked data-the story so far},
  author={Bizer, Christian and Heath, Tom and Berners-Lee, Tim},
  journal={Semantic services, interoperability and web applications: emerging concepts},
  pages={205--227},
  year={2009}
}

@Misc{lod-diagram,
  Title                    = {Linking Open Data cloud diagram 2017},
  Author                   = {Abele, P. McCrae, Buitelaar, Jentzsch, Cyganiak},
  howpublished             = {\url{http://lod-cloud.net/}},
  Year                     = {2017},
  note										 = {Accessed: 2017-05-19}
}

@Misc{rdfa,
  Title                    = {RDFa for HTML Authors},
  Author                   = {Steven Pemberton, W3C/CWI},
  howpublished             = {\url{https://www.w3.org/MarkUp/2009/rdfa-for-html-authors}},
  Year                     = {2009},
  note										 = {Accessed: 2017-05-19}
}

@Misc{martinfowler,
  Title                    = {Microservices: a definition of this new architectural term},
  Author                   = {Lewis, Fowler},
  howpublished             = {\url{https://martinfowler.com/articles/microservices.html}},
  Year                     = {2014},
  note										 = {Accessed: 2017-05-19}
}

@Misc{dzone,
  Title                    = {Microservices in Practice: From Architecture to Deployment},
  Author                   = {Indrasiri Kasun},
  howpublished             = {\url{https://dzone.com/articles/microservices-in-practice-1}},
  Year                     = {2016},
  note										 = {Accessed: 2017-05-19}
}
